@article{sharabiani2024genai,
  title={GenAI Exceeds Clinical Experts in Predicting Acute Kidney Injury following Paediatric Cardiopulmonary Bypass2},
  author={Sharabiani, Mansour and Mahani, Alireza and Bottle, Alex and Srinivasan, Yadav and Issitt, Richard and Stoica, Serban},
  journal={medRxiv},
  pages={2024--05},
  year={2024},
  publisher={Cold Spring Harbor Laboratory Press}
}

@article{eknoyan2013kdigo,
  title={KDIGO 2012 clinical practice guideline for the evaluation and management of chronic kidney disease},
  author={Eknoyan, Garabed and Lameire, Norbert and Eckardt, K and Kasiske, B and Wheeler, D and Levin, A and Stevens, PE and Bilous, RW and Lamb, EJ and Coresh, JJKI and others},
  journal={Kidney int},
  volume={3},
  number={1},
  pages={5--14},
  year={2013}
}